@inproceedings{cite1,
author = {Someone Cool},
year = {2016},
title = {The New Hotness},
booktitle = {Journal of Awesome}
}

@inproceedings{cite2,
author = {Someone Even-More Cool},
year = {2016},
title = {The Newer Hotness},
booktitle = {Journal of Awesome}, 
pages = {123-345} 
} 
